<?xml version="1.0" encoding="UTF-8"?><record xmlns="http://www.loc.gov/MARC21/slim" xmlns:cinclude="http://apache.org/cocoon/include/1.0" xmlns:zs="http://www.loc.gov/zing/srw/">
  <leader>00590nz  a2200157n  4500</leader>
  <controlfield tag="001">no2014076986</controlfield>
  <controlfield tag="003">DLC</controlfield>
  <controlfield tag="005">20140606073533.0</controlfield>
  <controlfield tag="008">140605n| azannaabn          |a ana     c</controlfield>
  <datafield tag="010" ind1=" " ind2=" ">
    <subfield code="a">no2014076986</subfield>
  </datafield>
  <datafield tag="035" ind1=" " ind2=" ">
    <subfield code="a">(OCoLC)oca09874769</subfield>
  </datafield>
  <datafield tag="040" ind1=" " ind2=" ">
    <subfield code="a">NcU</subfield>
    <subfield code="b">eng</subfield>
    <subfield code="e">rda</subfield>
    <subfield code="c">NcU</subfield>
  </datafield>
  <datafield tag="110" ind1="2" ind2=" ">
    <subfield code="a">Triangle Area Mushroom Club</subfield>
  </datafield>
  <datafield tag="370" ind1=" " ind2=" ">
    <subfield code="f">North Carolina</subfield>
  </datafield>
  <datafield tag="410" ind1="2" ind2=" ">
    <subfield code="a">TAMC</subfield>
  </datafield>
  <datafield tag="670" ind1=" " ind2=" ">
    <subfield code="a">Burk, William R. A history of the Triangle Area Mushroom Club of North Carolina, 2014:</subfield>
    <subfield code="b">leaf 2 (in 1982, Joan Zeller and Bill Burk, formulated a framework for the organzation that they named the Triangle Area Mushroom Club, TAMC)</subfield>
  </datafield>
</record>